@book{katsuhiko2010modern,
	title={Modern control engineering},
	author={Katsuhiko, Ogata},
	year={2010},
	publisher = {Prentice Hall}
}
