@Book{cfd_ferziger_peric,
  Title                    = {Computational Methods for Fluid Dynamics},
  Author                   = {Ferziger, J.H. and Peri\v{c}, M.},
  Publisher                = {Springer},
  Year                     = {2002}
}
